See https://ctan.org/pkg/biblatex?lang=en for entry types and proper formatting.

@article{9356128,
  author  = {Janitschke, Marvin and Mentink, Matthias and Murgia, Federica and Pracht, Dimitri and Ravaioli, Emmanuele and Verweij, Arjan P.},
  journal = {IEEE Transactions on Applied Superconductivity},
  title   = {A Simplified Approach to Simulate Quench Development in a Superconducting Magnet},
  year    = {2021},
  volume  = {31},
  number  = {5},
  pages   = {1-5},
  doi     = {10.1109/TASC.2021.3059980}
}

@book{CitekeyBook,
  author    = {Susskind, Leonard and Hrabovsky, George},
  title     = {Classical Mechanics: The Theoretical Minimum},
  publisher = {Penguin Random House},
  address   = {New York, NY},
  year      = 2014
}

@mastersthesis{CitekeyMastersthesis,
  author  = {Tang, Jian},
  title   = {Spin structure of the nucleon in the asymptotic limit},
  school  = {Massachusetts Institute of Technology},
  year    = 1996,
  address = {Cambridge, MA},
  month   = sep
}

@phdthesis{CitekeyPhdthesis,
  author  = {Charles, Robert},
  title   = {Relaxation Effects for Coupled Nuclear Spins},
  school  = {Stanford University},
  address = {Stanford, CA},
  year    = 1956,
  month   = jun
}

@techreport{CitekeyTechreport,
  title       = {Wasatch Solar Project Final Report},
  author      = {Bennett, Vicki and Bowman, Kate and Wright, Sarah},
  institution = {Salt Lake City Corporation},
  address     = {Salt Lake City, UT},
  number      = {DOE-SLC-6903-1},
  year        = 2018,
  month       = sep
}

@online{
    author = {Wikipedia},
    title  = {Wikipedia},
    url    = {https://en.wikipedia.org/wiki/Wikipedia},
    year   = {2021}
}